@article{terhal2002classical,
  title={Classical simulation of noninteracting-fermion quantum circuits},
  author={Terhal, Barbara M and DiVincenzo, David P},
  journal={Physical Review A},
  volume={65},
  number={3},
  pages={032325},
  year={2002},
  publisher={APS}
}

@article{knill2001fermionic,
  title={Fermionic linear optics and matchgates},
  author={Knill, Emanuel},
  journal={arXiv preprint quant-ph/0108033},
  year={2001}
}

@article{brod2016efficient,
  title={Efficient classical simulation of matchgate circuits with generalized inputs and measurements},
  author={Brod, Daniel J},
  journal={Physical Review A},
  volume={93},
  number={6},
  pages={062332},
  year={2016},
  publisher={APS}
}

@article{hudson1980translation,
  title={Translation-invariant integrals, and Fourier analysis on Clifford and Grassmann algebras},
  author={Hudson, RL and Wilkinson, MD and Peck, SN},
  journal={Journal of Functional Analysis},
  volume={37},
  number={1},
  pages={68--87},
  year={1980},
  publisher={Elsevier}
}

@article{jozsa2008matchgates,
  title={Matchgates and classical simulation of quantum circuits},
  author={Jozsa, Richard and Miyake, Akimasa},
  journal={Proceedings of the Royal Society A: Mathematical, Physical and Engineering Sciences},
  volume={464},
  number={2100},
  pages={3089--3106},
  year={2008},
  publisher={The Royal Society London}
}